

@article{children,
  title = {Disease control in small children with recurrent wheeze reflect on tidal breathing flow proles during sleep measured by impedance pneumography.},
  author = {Gracia, *Javier and Seppä, Ville-Pekka and Marita, Paassilta and Viik, Jari and  Karjalainen, Jussi   },
  journaltitle = {BEING REVIEW BY COAUTHORS},
}


@article{infants,
  title = {Tidal breathing flow volume profiles during sleep in wheezing infants measured by impedance pneumography},
  author = {Gracia, Javier and Seppä, Ville-Pekka and Jauhiainen, Milla and Kotaniemi-Syrjänen, Anne and Malmström, Kristiina and  Pelkonen, Anna and  Mäkelä, Mika and  Viik, Jari and  Malmberg, L Pekka  },
  date = {2018},
  journaltitle = {Journal of Applied Phisiology},
}

@incollection{nlpf,
  title = {Nonlinear {{Local Projection Filter}} for {{Impedance Pneumography}}},
  booktitle = {{{EMBEC}} \& {{NBC}} 2017},
  series = {IFMBE Proceedings},
  publisher = {{Springer, Singapore}},
  date = {2017},
  pages = {306-309},
  author = {Gracia, Javier and Seppä, Ville-Pekka and Pelkonen, Anna and Kotaniemi-Syrjänen, Anne and Mäkelä, Mika and Malmberg, Pekka and Viik, Jari},
  doi = {10.1007/978-981-10-5122-7_77}
}

@article{iosj,
  title = {Regional Impedance Pneumography Heterogeneity during Airway Opening Pressure Chirp Oscillations},
  volume = {17},
  url = {http://www.ijbem.org/volume17/number1/ijbem_vol17_no1_pp42-51.pdf},
  number = {1},
  journaltitle = {International Journal of Bioelectromagnetism},
  date = {2015},
  pages = {42-51},
  author = {Gracia, Javier and Ville-Pekka Seppä and Jari Viik}
}


@article{iosc,
  title = {Multilead Impedance Pneumography and Forced Oscillation Technique for Assessing Lung Tissue Mechanical Properties},
  date = {2015},
  pages = {4},
  journaltitle = { proceedins of the The 10th International Conference on Bioelectromagnetism},
  author = {Gracia, Javier and Seppa, Ville-Pekka and Viik, Jari}
}



@article{iosers,
  title = {Combining Impulse Oscillometry and Multi-Lead Impedance Pneumography for Regional Analysis of Dynamic Lung Function},
  url = {http://www.ers-education.org/Media/Media.aspx?idMedia=228641},
  journaltitle = {ERS annual congress},
  date = {2013},
  author = {Gracia, Javier and Seppa, Ville-Pekka and Viik, Jari}
}

@article{multi,
  title = {Multilead {{Measurement System}} for the {{Time}}-{{Domain Analysis}} of {{Bioimpedance Magnitude}}},
  volume = {59},
  url = {http://ieeexplore.ieee.org/xpls/abs_all.jsp?arnumber=6212335},
  number = {8},
  journaltitle = {Biomedical Engineering, IEEE Transactions on},
  date = {2012},
  pages = {2273--2280},
  author = {Gracia, Javier and Seppa, V. P. and Viik, J. and Hyttinen, J.}  
}




